@misc{petersen2012matrix,
    author       = {K. B. Petersen and M. S. Pedersen},
    title        = {The Matrix Cookbook},
    year         = {2012},
    keywords     = {matrix identity, matrix relations, inverse, matrix derivative},
    publisher    = {Technical University of Denmark},
    url          = {http://www2.compute.dtu.dk/pubdb/pubs/3274-full.html},
    addendum     = {Матричные тождества, матричные распределения\dots{ } Всё, что вы хотели узнать о матрицах, но боялись спросить! Обратите внимание на фамилии авторов :)}
}

@misc{gnilova2018gauss,
    author       = {Olya Gnilova and Boris Demeshev},
    title        = {How Gauss and Markov met Pythagoras: geometry in econometrics},
    year         = {2018},
    keywords     = {gauss markov theorem, geometry},
    url          = {https://github.com/olyagnilova/gauss-markov-pythagoras},
    addendum     = {Как встретились Гаусс, Марков и Пифагор? Куча прикольных геометрических фактов и интерпретаций!}
}
 